<?xml version="1.0" encoding="utf-8"?>
<record xmlns="http://www.loc.gov/MARC21/slim" xmlns:xsi="http://www.w3.org/2001/XMLSchema-instance" xsi:schemaLocation="http://www.loc.gov/MARC21/slim http://www.loc.gov/standards/marcxml/schema/MARC21slim.xsd">
	<leader>02469nam a2200457   4500</leader>
	<controlfield tag="001">1676331</controlfield>
	<controlfield tag="003">NIC</controlfield>
	<controlfield tag="006">m        d        </controlfield>
	<controlfield tag="007">cr cn |||m|||a</controlfield>
	<controlfield tag="008">160301s1965    ir ab   o     000 0 ara d</controlfield>
	<datafield ind1=" " ind2=" " tag="040">
		<subfield code="a">NNU</subfield>
		<subfield code="b">eng</subfield>
		<subfield code="e">rda</subfield>
		<subfield code="c">NNU</subfield>
	</datafield>
	<datafield ind1=" " ind2=" " tag="043">
		<subfield code="a">a-aj---</subfield>
		<subfield code="a">a-ir---</subfield>
	</datafield>
	<datafield ind1=" " ind2="4" tag="050">
		<subfield code="a">DS324.A9</subfield>
		<subfield code="b">S25;1965</subfield>
	</datafield>
	<datafield ind1="1" ind2=" " tag="100">
		<subfield code="6">880-01</subfield>
		<subfield code="a">Sāʻidī, Ghulām Ḥusayn. </subfield>
	</datafield>
	<datafield ind1="1" ind2="0" tag="245">
		<subfield code="6">880-02</subfield>
		<subfield code="a">Khīyāv, yā Mishgīn shahr :</subfield>
		<subfield code="b">kaʻbah-ʼi yaylāqāt-i Shahsavan /</subfield>
		<subfield code="c">ṭarḥ-hā az Muḥammad Ḥusayn Āryā, va Sīrūs Afkhamī.</subfield>
	</datafield>
	<datafield ind1=" " ind2=" " tag="260">
		<subfield code="6">880-03</subfield>
		<subfield code="a">[Tehran] :</subfield>
		<subfield code="b">Muʻasasah-i Muṭalaʻāt va Taḥqīqāt-i Ijtimāʻī,</subfield>
		<subfield code="c">1344 [1965]</subfield>
	</datafield>
	<datafield ind1=" " ind2=" " tag="300">
		<subfield code="a">online resource (14, 273 pages) :</subfield>
		<subfield code="b">maps, illustrations</subfield>
	</datafield>
	<datafield ind1=" " ind2=" " tag="336">
		<subfield code="a">text</subfield>
		<subfield code="2">rdacontent</subfield>
	</datafield>
	<datafield ind1=" " ind2=" " tag="337">
		<subfield code="a">computer</subfield>
		<subfield code="2">rdamedia</subfield>
	</datafield>
	<datafield ind1=" " ind2=" " tag="338">
		<subfield code="a">online resource</subfield>
		<subfield code="2">rdacarrier</subfield>
	</datafield>
	<datafield ind1="1" ind2=" " tag="490">
		<subfield code="a">Daftarhā-yi mūnūgrāfī ;</subfield>
		<subfield code="v">7</subfield>
	</datafield>
	<datafield ind1="1" ind2=" " tag="490">
		<subfield code="6">880-04</subfield>
		<subfield code="a">Intishārāt-i muʼasasah-ʼi muṭāliʻāt va taḥqīqāt-i ijtimāʻī ;</subfield>
		<subfield code="v">30</subfield>
	</datafield>
	<datafield ind1=" " ind2=" " tag="500">
		<subfield code="a">Part of the Arabic Collections Online (ACO) project, contributed by Cornell University Libraries.</subfield>
	</datafield>
	<datafield ind1=" " ind2=" " tag="533">
		<subfield code="a">Electronic reproduction.</subfield>
		<subfield code="b">New York, N.Y. :</subfield>
		<subfield code="c">New York University,</subfield>
		<subfield code="d">2016.</subfield>
		<subfield code="5">NNU</subfield>
	</datafield>
	<datafield ind1=" " ind2="0" tag="650">
		<subfield code="a">Ethnology</subfield>
		<subfield code="z">Azerbaijan.</subfield>
	</datafield>
	<datafield ind1=" " ind2="0" tag="650">
		<subfield code="a">Ethnology</subfield>
		<subfield code="z">Iran.</subfield>
	</datafield>
	<datafield ind1=" " ind2="0" tag="650">
		<subfield code="a">Khīyāv.</subfield>
	</datafield>
	<datafield ind1=" " ind2="0" tag="651">
		<subfield code="a">Mishgīnʹshahr (Iran)</subfield>
	</datafield>
	<datafield ind1="2" ind2=" " tag="710">
		<subfield code="a">Cornell University.</subfield>
		<subfield code="b">Libraries.</subfield>
	</datafield>
	<datafield ind1="0" ind2=" " tag="730">
		<subfield code="a">Arabic Collections Online.</subfield>
	</datafield>
	<datafield ind1="0" ind2="8" tag="776">
		<subfield code="i">Print version:</subfield>
		<subfield code="a">Sāʻidī, Ghulām Ḥusayn.</subfield>
		<subfield code="t">Khīyāv, yā Mishgīn shahr</subfield>
		<subfield code="w">(NIC)1676331</subfield>
		<subfield code="w">(OCoLC)47115629</subfield>
	</datafield>
	<datafield ind1=" " ind2="0" tag="830">
		<subfield code="a">Daftarʹha-yi mūnūgrāfī ;</subfield>
		<subfield code="v">7.</subfield>
	</datafield>
	<datafield ind1=" " ind2="0" tag="830">
		<subfield code="6">880-05</subfield>
		<subfield code="a">Intishārāt-i Muʼassasah-i Muṭālaʻāt va Taḥqīqāt-i Ijtimāʻī ;</subfield>
		<subfield code="v">30.</subfield>
	</datafield>
	<datafield ind1="4" ind2="0" tag="856">
		<subfield code="u">http://hdl.handle.net/2333.1/9p8czd49</subfield>
	</datafield>
	<datafield ind1="1" ind2=" " tag="880">
		<subfield code="6">100-01</subfield>
		<subfield code="a">ساعدى، غلام حسىن. </subfield>
	</datafield>
	<datafield ind1="1" ind2="0" tag="880">
		<subfield code="6">245-02</subfield>
		<subfield code="a">خياو، ىا مشگىن شهر :</subfield>
		<subfield code="b">کعبۀ ىىلاقات شاهسون /</subfield>
		<subfield code="c">طرحها از محمد حسىن آرىا، و سىروس افخمى.</subfield>
	</datafield>
	<datafield ind1=" " ind2=" " tag="880">
		<subfield code="6">260-03</subfield>
		<subfield code="a">[تهران] :</subfield>
		<subfield code="b">مؤسسه مطالعات و تحقىقات اجتماعى،</subfield>
		<subfield code="c">1344 [1965] </subfield>
	</datafield>
	<datafield ind1="1" ind2=" " tag="880">
		<subfield code="6">490-04</subfield>
		<subfield code="a">انتشارات مؤسسۀ مطالعات و تحقىقات اجتماعى ؛</subfield>
		<subfield code="v">30</subfield>
	</datafield>
	<datafield ind1=" " ind2="0" tag="880">
		<subfield code="6">830-05</subfield>
		<subfield code="a">انتشارات مؤسسه مطالعات و تحقىقات اجتماعى ؛</subfield>
		<subfield code="v">30.</subfield>
	</datafield>
	<datafield ind1=" " ind2=" " tag="959">
		<subfield code="a">NNU</subfield>
		<subfield code="b">WEB</subfield>
		<subfield code="c">GENI</subfield>
		<subfield code="t">0</subfield>
		<subfield code="m">Electronic access</subfield>
		<subfield code="s">01</subfield>
	</datafield>
	<datafield ind1=" " ind2=" " tag="999">
		<subfield code="i">NIC_1676331</subfield>
		<subfield code="o">(OCoLC)ocm47115629</subfield>
		<subfield code="s">cornell_aco000482</subfield>
		<subfield code="e">(ERROR-880)</subfield>
		<subfield code="s">cornell_aco000482</subfield>
	</datafield>
</record>
